<?xml version="1.0" encoding="utf-8"?>
<record xmlns="http://www.loc.gov/MARC21/slim" xmlns:xsi="http://www.w3.org/2001/XMLSchema-instance" xsi:schemaLocation="http://www.loc.gov/MARC21/slim http://www.loc.gov/standards/marcxml/schema/MARC21slim.xsd">
	<leader>     nam a22     Mi 4500</leader>
	<controlfield tag="001">903400</controlfield>
	<controlfield tag="003">NjP</controlfield>
	<controlfield tag="006">m        d        </controlfield>
	<controlfield tag="007">cr cn |||m|||a</controlfield>
	<controlfield tag="008">190821s1981    ir      o     000 0 ara d</controlfield>
	<datafield ind1=" " ind2=" " tag="040">
		<subfield code="a">ZYU</subfield>
		<subfield code="b">ara</subfield>
		<subfield code="e">rda</subfield>
		<subfield code="c">ZYU</subfield>
	</datafield>
	<datafield ind1="1" ind2=" " tag="100">
		<subfield code="6">880-01</subfield>
		<subfield code="a">Karamī, Muḥammad. </subfield>
	</datafield>
	<datafield ind1="1" ind2="3" tag="245">
		<subfield code="6">880-02</subfield>
		<subfield code="a">al-Tafsīr li-Kitāb Allāh al-munīr /</subfield>
		<subfield code="c">bi-qalam Muḥammad al-Karamī.</subfield>
	</datafield>
	<datafield ind1=" " ind2=" " tag="260">
		<subfield code="6">880-03</subfield>
		<subfield code="a">[Qum] :</subfield>
		<subfield code="b">[publisher not identified],</subfield>
		<subfield code="c">1402 [1981 or 1982]</subfield>
		<subfield code="e">(Qum :</subfield>
		<subfield code="f">al-Maṭbaʻah al-ʻIlmīyah)</subfield>
	</datafield>
	<datafield ind1=" " ind2=" " tag="300">
		<subfield code="a">online resource (8 volumes)</subfield>
	</datafield>
	<datafield ind1=" " ind2=" " tag="336">
		<subfield code="a">text</subfield>
		<subfield code="2">rdacontent</subfield>
	</datafield>
	<datafield ind1=" " ind2=" " tag="337">
		<subfield code="a">computer</subfield>
		<subfield code="2">rdamedia</subfield>
	</datafield>
	<datafield ind1=" " ind2=" " tag="338">
		<subfield code="a">online resource</subfield>
		<subfield code="2">rdacarrier</subfield>
	</datafield>
	<datafield ind1=" " ind2=" " tag="500">
		<subfield code="a">&quot;Yaḥtawī hādhā al-kitāb ʻalá majmūʻatin nafīsatin min al-abḥāth al-fiqhīyah wa-al-kalāmīyah wa-al-tārīkhīyah wa-al-ijtimāʻīyah wa-al-adabīyah wa-al-intiqādīyah bi-ṣūratin rāʼiʻatin.&quot;</subfield>
	</datafield>
	<datafield ind1=" " ind2=" " tag="500">
		<subfield code="a">Part of the Arabic Collections Online (ACO) project, contributed by Princeton University Libraries.</subfield>
	</datafield>
	<datafield ind1=" " ind2=" " tag="533">
		<subfield code="a">Electronic reproduction.</subfield>
		<subfield code="b">New York, N.Y. :</subfield>
		<subfield code="c">New York University,</subfield>
		<subfield code="d">2019.</subfield>
		<subfield code="5">NNU</subfield>
	</datafield>
	<datafield ind1="0" ind2="0" tag="630">
		<subfield code="a">Qurʼan</subfield>
		<subfield code="v">Commentaries.</subfield>
	</datafield>
	<datafield ind1="0" ind2="7" tag="630">
		<subfield code="a">Qurʼan.</subfield>
		<subfield code="2">fast</subfield>
		<subfield code="0">(OCoLC)fst01842877</subfield>
	</datafield>
	<datafield ind1=" " ind2="7" tag="655">
		<subfield code="a">Commentaries.</subfield>
		<subfield code="2">fast</subfield>
		<subfield code="0">(OCoLC)fst01423723</subfield>
	</datafield>
	<datafield ind1="2" ind2=" " tag="710">
		<subfield code="a">Princeton University.</subfield>
		<subfield code="b">Library.</subfield>
	</datafield>
	<datafield ind1="0" ind2=" " tag="730">
		<subfield code="a">Arabic Collections Online.</subfield>
	</datafield>
	<datafield ind1="0" ind2="8" tag="776">
		<subfield code="i">Print version:</subfield>
		<subfield code="a">Karamī, Muḥammad.</subfield>
		<subfield code="t">al-Tafsīr li-Kitāb Allāh al-munīr</subfield>
		<subfield code="w">(NjP)903400</subfield>
		<subfield code="w">(OCoLC)30886972</subfield>
	</datafield>
	<datafield ind1="4" ind2="0" tag="856">
		<subfield code="u">http://hdl.handle.net/2333.1/8kprrdg6</subfield>
	</datafield>
	<datafield ind1="1" ind2=" " tag="880">
		<subfield code="6">100-01</subfield>
		<subfield code="a">كرمي، محمد. </subfield>
	</datafield>
	<datafield ind1="1" ind2="2" tag="880">
		<subfield code="6">245-02</subfield>
		<subfield code="a">التفسير لكتاب الله المنير /</subfield>
		<subfield code="c">بقلم محمد الكرمي.</subfield>
	</datafield>
	<datafield ind1=" " ind2=" " tag="880">
		<subfield code="6">260-03</subfield>
		<subfield code="a">[قم] :</subfield>
		<subfield code="b">[publisher not identified]،</subfield>
		<subfield code="c">1402 [1981 or 1982]</subfield>
		<subfield code="e">(قم :</subfield>
		<subfield code="f">المطبعة العلمية)</subfield>
	</datafield>
	<datafield ind1=" " ind2=" " tag="959">
		<subfield code="a">NNU</subfield>
		<subfield code="b">WEB</subfield>
		<subfield code="c">GENI</subfield>
		<subfield code="t">0</subfield>
		<subfield code="m">Electronic access</subfield>
		<subfield code="s">01</subfield>
	</datafield>
	<datafield ind1=" " ind2=" " tag="999">
		<subfield code="i">NjP_903400</subfield>
		<subfield code="o">(OCoLC)ocm30886972</subfield>
		<subfield code="s">princeton_aco002706:juz 1</subfield>
		<subfield code="s">princeton_aco002676:juz 2</subfield>
		<subfield code="s">princeton_aco002710:juz 3</subfield>
		<subfield code="s">princeton_aco002705:juz 4</subfield>
		<subfield code="s">princeton_aco002709:juz 5</subfield>
		<subfield code="s">princeton_aco002708:juz 6</subfield>
		<subfield code="s">princeton_aco002707:juz 7</subfield>
		<subfield code="s">princeton_aco002704:juz 8</subfield>
		<subfield code="e">(ERROR-MISC)</subfield>
		<subfield code="s">princeton_aco002706:juz 1</subfield>
		<subfield code="s">princeton_aco002676:juz 2</subfield>
		<subfield code="s">princeton_aco002710:juz 3</subfield>
		<subfield code="s">princeton_aco002705:juz 4</subfield>
		<subfield code="s">princeton_aco002709:juz 5</subfield>
		<subfield code="s">princeton_aco002708:juz 6</subfield>
		<subfield code="s">princeton_aco002707:juz 7</subfield>
		<subfield code="s">princeton_aco002704:juz 8</subfield>
	</datafield>
</record>
